@online{cite1,
	author = {World-Health-Organization},
	title = {Early detection of cancer},
	url = {"http://www.who.int/cancer/detection/en/"},
	date = {2017},
}

@article{cite2,
	author = { Nandha Gopal, N. ;  Karnan, M.},
	title = {Diagnose brain tumor through MRI using image processing clustering algorithms such as Fuzzy C Means along with intelligent optimization techniques},
	date = {2011},
	journaltitle = {2010 IEEE International Conference on Computational Intelligence and Computing Research (ICCIC)},
}

@article{cite3,
	author = {Subha Madhavan, Jean-Claude Zenklusen, Yuri Kotliarov, Himanso Sahni, Howard A. Fine and Kenneth Buetow},
	title = {Rembrandt: Helping Personalized Medicine Become a Reality Through Integrative Translational Research},
	journaltitle = {American Association For Cancer Research},
	date = {2009},
}


