@online{cite1,
	author = {American Cancer Society},
	title = {Age-Adjusted SEER Incidence and U.S. Death Rates and 5-Year Relative Survival (Percent)
	By Primary Cancer Site, Sex and Time Period},
	url = {"https://seer.cancer.gov/archive/csr/1975_2012/results_merged/topic_survival.pdf"},
	date = {2016},
}

@article{edelman1993magnetic,
	title={Magnetic resonance imaging},
	author={Edelman, Robert R and Warach, Steven},
	journal={New England Journal of Medicine},
	volume={328},
	number={10},
	pages={708--716},
	year={1993},
	publisher={Mass Medical Soc}
}

@book{duvernoy2012human,
	title={The Human Brain: Surface, Three-Dimensional Sectional Anatomy with MRI, and Blood Supply},
	author={Duvernoy, H.M. and Vannson, J.L. and Bourgouin, P. and Cabanis, E.A. and Cattin, F. and Guyot, J. and Iba-Zizen, M.T. and Maeder, P. and Parratte, B. and Tatu, L. and others},
	isbn={9783709167922},
	lccn={99022443},
	url={https://books.google.com/books?id=7y8kBgAAQBAJ},
	year={2012},
	publisher={Springer Vienna}
}


@online{cite2,
	author = {World-Health-Organization},
	title = {Early detection of cancer},
	url = {"http://www.who.int/cancer/detection/en/"},
	date = {2017},
}

@article{cite3,
	author = { Nandha Gopal, N. ;  Karnan, M.},
	title = {Diagnose brain tumor through MRI using image processing clustering algorithms such as Fuzzy C Means along with intelligent optimization techniques},
	date = {2011},
	journaltitle = {2010 IEEE International Conference on Computational Intelligence and Computing Research (ICCIC)},
}

@article{cite4,
	author = {Subha Madhavan, Jean-Claude Zenklusen, Yuri Kotliarov, Himanso Sahni, Howard A. Fine and Kenneth Buetow},
	title = {Rembrandt: Helping Personalized Medicine Become a Reality Through Integrative Translational Research},
	journaltitle = {American Association For Cancer Research},
	date = {2009},
}


